%% This BibTeX bibliography file was created using BibDesk.
%% http://bibdesk.sourceforge.net/


%% Created for Artem at 2016-03-09 19:31:23 +0300 


%% Saved with string encoding Unicode (UTF-8) 



@article{3,
	Author = {William J. Moore, Robert J. Newman and Geoffrey K. Turnbull},
	Date-Added = {2016-03-09 16:11:23 +0000},
	Date-Modified = {2016-03-09 16:12:18 +0000},
	Journal = {Journal of Labor Economics},
	Number = {2},
	Pages = {352-366},
	Title = {Do Academic Salaries Decline with Seniority?},
	Volume = {16},
	Year = {1998}}

@article{2,
	Author = {V. Bhaskar, Alan Manning, Ted To},
	Date-Added = {2016-03-09 16:06:14 +0000},
	Date-Modified = {2016-03-09 16:08:27 +0000},
	Journal = {Journal of Economic Perspectives},
	Number = {2},
	Pages = {155-174},
	Title = {Oligopsony and Monopsonistic Competition in Labor Markets},
	Volume = {16},
	Year = {2002}}

@article{1,
	Author = {Michael R. Ransom},
	Date-Added = {2016-03-09 16:02:06 +0000},
	Date-Modified = {2016-03-09 16:05:36 +0000},
	Journal = {The American Economic Review},
	Title = {Seniority and Monopsony in the Academic Labor Market Seniority and Monopsony in the Academic Labor Market},
	Year = {1993}}
